<record xmlns="http://www.loc.gov/MARC21/slim" xmlns:xsi="http://www.w3.org/2001/XMLSchema-instance" xsi:schemaLocation="http://www.loc.gov/MARC21/slim http://www.loc.gov/standards/marcxml/schema/MARC21slim.xsd"><leader>     nam a22        4500</leader><controlfield tag="001">001685618</controlfield><controlfield tag="003">NNU</controlfield><controlfield tag="006">m        d        </controlfield><controlfield tag="007">cr cn |||m|||a</controlfield><controlfield tag="008">150313s1949    le h    ob    001 0 ara d</controlfield><datafield ind1=" " ind2=" " tag="040"><subfield code="a">NNU</subfield><subfield code="b">eng</subfield><subfield code="c">NNU</subfield></datafield><datafield ind1="0" ind2=" " tag="041"><subfield code="a">ara</subfield><subfield code="a">fre</subfield></datafield><datafield ind1=" " ind2=" " tag="066"><subfield code="c">(3</subfield></datafield><datafield ind1=" " ind2=" " tag="090"><subfield code="a">PJ7542.M8</subfield><subfield code="b">I3</subfield></datafield><datafield ind1="1" ind2=" " tag="100"><subfield code="6">880-01</subfield><subfield code="a">Ibn San&#257;&#700; al-Mulk, Hibat All&#257;h ibn Ja&#699;far,</subfield><subfield code="d">1150 or 51-1211 or 12</subfield></datafield><datafield ind1="1" ind2="0" tag="245"><subfield code="6">880-02</subfield><subfield code="a">D&#257;r al-&#7789;ir&#257;z f&#299; &#699;amal al-muwashsha&#7717;&#257;t</subfield><subfield code="h">[electronic resource] /</subfield><subfield code="c">ta&#700;l&#299;f Ab&#299; al-Q&#257;sim Hibat All&#257;h ibn Ja&#699;far ibn San&#257;&#700; al-Mulk ; &#699;uniya bi-ta&#7717;q&#299;qihi wa-nashrih Jawdat al-Rik&#257;b&#299;.</subfield></datafield><datafield ind1="1" ind2="5" tag="246"><subfield code="a">D&#226;r a&#7789;-&#7789;ir&#226;z, po&#233;tique du muwa&#347;&#347;a&#7717;</subfield></datafield><datafield ind1=" " ind2=" " tag="260"><subfield code="6">880-03</subfield><subfield code="a">Bayr&#363;t :</subfield><subfield code="b">al-Ma&#7789;ba&#699;ah al-K&#257;th&#363;l&#299;k&#299;yah,</subfield><subfield code="c">1949.</subfield></datafield><datafield ind1=" " ind2=" " tag="300"><subfield code="a">online resource (160, 16 p.) :</subfield><subfield code="b">facsims.</subfield></datafield><datafield ind1=" " ind2=" " tag="500"><subfield code="a">Part of the Arabic Collections Online (ACO) project, contributed by New York Univeristy Libraries.</subfield></datafield><datafield ind1=" " ind2=" " tag="533"><subfield code="a">Electronic reproduction.</subfield><subfield code="b">New York, N.Y. :</subfield><subfield code="c">New York University,</subfield><subfield code="d">2015.</subfield><subfield code="5">NNU</subfield></datafield><datafield ind1=" " ind2=" " tag="546"><subfield code="a">Added t.p. and introd. in French.</subfield></datafield><datafield ind1=" " ind2=" " tag="504"><subfield code="a">Includes bibliographical references and index.</subfield></datafield><datafield ind1=" " ind2="0" tag="650"><subfield code="a">Muwashshah.</subfield></datafield><datafield ind1=" " ind2="0" tag="650"><subfield code="a">Arabic poetry.</subfield></datafield><datafield ind1="1" ind2=" " tag="700"><subfield code="6">880-04</subfield><subfield code="a">Rik&#257;b&#299;, Jawdat</subfield></datafield><datafield ind1="2" ind2=" " tag="710"><subfield code="a">New York University.</subfield><subfield code="b">Libraries.</subfield></datafield><datafield ind1="0" ind2=" " tag="730"><subfield code="a">Arabic Collections Online.</subfield></datafield><datafield ind1="0" ind2="8" tag="776"><subfield code="i">Print version:</subfield><subfield code="a">Ibn San&#257;&#700; al-Mulk, Hibat All&#257;h ibn Ja&#699;far, 1150 or 51-1211 or 12 880-01</subfield><subfield code="t">D&#257;r al-&#7789;ir&#257;z f&#299; &#699;amal al-muwashsha&#7717;&#257;t</subfield><subfield code="w">(NNU)001685618</subfield></datafield><datafield ind1="4" ind2="0" tag="856"><subfield code="u">http://hdl.handle.net/2333.1/tmpg4hjq</subfield></datafield><datafield ind1="1" ind2=" " tag="880"><subfield code="6">100-01/</subfield><subfield code="a">&#1575;&#1576;&#1606; &#1587;&#1606;&#1575;&#1569; &#1575;&#1604;&#1605;&#1604;&#1603;&#1548; &#1607;&#1576;&#1577; &#1575;&#1604;&#1604;&#1607; &#1576;&#1606; &#1580;&#1593;&#1601;&#1585;.</subfield></datafield><datafield ind1="1" ind2="0" tag="880"><subfield code="6">245-02/</subfield><subfield code="a">&#1583;&#1575;&#1585; &#1575;&#1604;&#1591;&#1585;&#1575;&#1586; &#1601;&#1610; &#1593;&#1605;&#1604; &#1575;&#1604;&#1605;&#1608;&#1588;&#1581;&#1575;&#1578; /</subfield><subfield code="c">&#1578;&#1571;&#1604;&#1610;&#1601; &#1571;&#1576;&#1610; &#1575;&#1604;&#1602;&#1575;&#1587;&#1605; &#1607;&#1576;&#1577; &#1575;&#1604;&#1604;&#1607; &#1576;&#1606; &#1580;&#1593;&#1601;&#1585; &#1576;&#1606; &#1587;&#1606;&#1575;&#1569; &#1575;&#1604;&#1605;&#1604;&#1603; &#1563; &#1593;&#1606;&#1610; &#1576;&#1578;&#1581;&#1602;&#1610;&#1602;&#1607; &#1608;&#1606;&#1588;&#1585;&#1607; &#1580;&#1608;&#1583;&#1577; &#1575;&#1604;&#1585;&#1603;&#1575;&#1576;&#1610;.</subfield></datafield><datafield ind1=" " ind2=" " tag="880"><subfield code="6">260-03/</subfield><subfield code="a">&#1576;&#1610;&#1585;&#1608;&#1578; :</subfield><subfield code="b">&#1575;&#1604;&#1605;&#1591;&#1576;&#1593;&#1577; &#1575;&#1604;&#1603;&#1575;&#1579;&#1608;&#1604;&#1610;&#1603;&#1610;&#1577;&#1548;</subfield><subfield code="c">1949.</subfield></datafield><datafield ind1="1" ind2=" " tag="880"><subfield code="6">700-04/</subfield><subfield code="a">&#1585;&#1603;&#1575;&#1576;&#1610;&#1548; &#1580;&#1608;&#1583;&#1577;.</subfield></datafield><datafield ind1=" " ind2=" " tag="959"><subfield code="a">NNU</subfield><subfield code="b">WEB</subfield><subfield code="c">GENI</subfield><subfield code="t">0</subfield><subfield code="m">Electronic access</subfield><subfield code="s">01</subfield></datafield><datafield ind1=" " ind2=" " tag="999"><subfield code="i">NNU_001685618</subfield><subfield code="s">nyu_aco000496</subfield><subfield code="e">(ERROR-880)</subfield></datafield></record>